@article{lin2018cost,
	title={Cost-efficient deployment of fog computing systems at logistics centers in industry 4.0},
	author={Lin, Chun-Cheng and Yang, Jhih-Wun},
	journal={IEEE Transactions on Industrial Informatics},
	volume={14},
	number={10},
	pages={4603--4611},
	year={2018},
	publisher={IEEE}
} %1

@article{georgakopoulos2016internet,
	title={Internet of Things and edge cloud computing roadmap for manufacturing},
	author={Georgakopoulos, Dimitrios and Jayaraman, Prem Prakash and Fazia, Maria and Villari, Massimo and Ranjan, Rajiv},
	journal={IEEE Cloud Computing},
	volume={3},
	number={4},
	pages={66--73},
	year={2016},
	publisher={IEEE}
} %2

@article{sisinni2018industrial,
	title={Industrial internet of things: Challenges, opportunities, and directions},
	author={Sisinni, Emiliano and Saifullah, Abusayeed and Han, Song and Jennehag, Ulf and Gidlund, Mikael},
	journal={IEEE Transactions on Industrial Informatics},
	volume={14},
	number={11},
	pages={4724--4734},
	year={2018},
	publisher={IEEE}
} %3

@article{de2018application,
	title={Application of the fog computing paradigm to smart factories and cyber-physical systems},
	author={de Brito, Mathias Santos and Hoque, Saiful and Steinke, Ronald and Willner, Alexander and Magedanz, Thomas},
	journal={Transactions on Emerging Telecommunications Technologies},
	volume={29},
	number={4},
	pages={e3184},
	year={2018},
	publisher={Wiley Online Library}
} %4

@inproceedings{aakerberg2011future,
	title={Future research challenges in wireless sensor and actuator networks targeting industrial automation},
	author={{\AA}kerberg, Johan and Gidlund, Mikael and Bj{\"o}rkman, Mats},
	booktitle={2011 9th IEEE International Conference on Industrial Informatics},
	pages={410--415},
	year={2011},
	organization={IEEE}
} %5

@article{lin2015industrial,
	title={Industrial internet reference architecture},
	author={Lin, Shi-Wan and Miller, Bradford and Durand, Jacques and Joshi, Rajive and Didier, Paul and Chigani, Amine and Torenbeek, Reinier and Duggal, David and Martin, Robert and Bleakley, Graham and others},
	journal={Industrial Internet Consortium (IIC), Tech. Rep},
	year={2015}
} %6

@inproceedings{aazam2014cloud,
	title={Cloud of Things: Integrating Internet of Things and cloud computing and the issues involved},
	author={Aazam, Mohammad and Khan, Imran and Alsaffar, Aymen Abdullah and Huh, Eui-Nam},
	booktitle={Proceedings of 2014 11th International Bhurban Conference on Applied Sciences \& Technology (IBCAST) Islamabad, Pakistan, 14th-18th January, 2014},
	pages={414--419},
	year={2014},
	organization={IEEE}
} %7

@inproceedings{bonomi2012fog,
	title={Fog computing and its role in the internet of things},
	author={Bonomi, Flavio and Milito, Rodolfo and Zhu, Jiang and Addepalli, Sateesh},
	booktitle={Proceedings of the first edition of the MCC workshop on Mobile cloud computing},
	pages={13--16},
	year={2012}
} %8

@article{cisco2015fog,
	title={Fog computing and the Internet of Things: extend the cloud to where the things are},
	author={Cisco, Статья},
	journal={Электронный ресурс]. URL: https://www. cisco. com/c/dam/en\_us/solutions/trends/iot/docs/computing-overview. pdf.(дата обращения: 10.03. 2019)},
	year={2015}
} %9

@article{wang2016dlau,
	title={DLAU: A scalable deep learning accelerator unit on FPGA},
	author={Wang, Chao and Gong, Lei and Yu, Qi and Li, Xi and Xie, Yuan and Zhou, Xuehai},
	journal={IEEE Transactions on Computer-Aided Design of Integrated Circuits and Systems},
	volume={36},
	number={3},
	pages={513--517},
	year={2016},
	publisher={IEEE}
} %10

@article{venkateshan2014hybrid,
	title={Hybrid working set algorithm for SVM learning with a kernel coprocessor on FPGA},
	author={Venkateshan, Sriram and Patel, Alap and Varghese, Kuruvilla},
	journal={IEEE Transactions on Very Large Scale Integration (VLSI) Systems},
	volume={23},
	number={10},
	pages={2221--2232},
	year={2014},
	publisher={IEEE}
} %11

@article{kim2017deepx,
	title={DeepX: Deep learning accelerator for restricted boltzmann machine artificial neural networks},
	author={Kim, Lok-Won},
	journal={IEEE transactions on neural networks and learning systems},
	volume={29},
	number={5},
	pages={1441--1453},
	year={2017},
	publisher={IEEE}
} %12

@article{ragusa2018digital,
	title={A digital implementation of extreme learning machines for resource-constrained devices},
	author={Ragusa, Edoardo and Gianoglio, Christian and Gastaldo, Paolo and Zunino, Rodolfo},
	journal={IEEE Transactions on Circuits and Systems II: Express Briefs},
	volume={65},
	number={8},
	pages={1104--1108},
	year={2018},
	publisher={IEEE}
} %13

@article{chung2018simplifying,
	title={Simplifying deep neural networks for FPGA-like neuromorphic systems},
	author={Chung, Jaeyong and Shin, Taehwan and Yang, Joon-Sung},
	journal={IEEE Transactions on Computer-Aided Design of Integrated Circuits and Systems},
	volume={38},
	number={11},
	pages={2032--2042},
	year={2018},
	publisher={IEEE}
} %14

@article{da2014internet,
	title={Internet of things in industries: A survey},
	author={Da Xu, Li and He, Wu and Li, Shancang},
	journal={IEEE Transactions on industrial informatics},
	volume={10},
	number={4},
	pages={2233--2243},
	year={2014},
	publisher={IEEE}
} %15

@article{chiang2016fog,
	title={Fog and IoT: An overview of research opportunities},
	author={Chiang, Mung and Zhang, Tao},
	journal={IEEE Internet of things journal},
	volume={3},
	number={6},
	pages={854--864},
	year={2016},
	publisher={IEEE}
} %16

@article{willner2015open,
	title={The open-multinet upper ontology towards the semantic-based management of federated infrastructures},
	author={Willner, Alexander and Papagianni, Chrysa and Giatili, Mary and Grosso, Paola and Morsey, Mohamed and Al-Hazmi, Yahya and Baldin, Ilya},
	journal={EAI Endorsed Transactions on Scalable Information Systems},
	volume={2},
	number={7},
	year={2015},
	publisher={European Alliance for Innovation (EAI)}
} %17

@inproceedings{jain2002challenges,
	title={Challenges: environmental design for pervasive computing systems},
	author={Jain, Ravi and Wullert, John},
	booktitle={Proceedings of the 8th annual international conference on Mobile computing and networking},
	pages={263--270},
	year={2002}
} %18

@inproceedings{jouppi2017datacenter,
	title={In-datacenter performance analysis of a tensor processing unit},
	author={Jouppi, Norman P and Young, Cliff and Patil, Nishant and Patterson, David and Agrawal, Gaurav and Bajwa, Raminder and Bates, Sarah and Bhatia, Suresh and Boden, Nan and Borchers, Al and others},
	booktitle={Proceedings of the 44th annual international symposium on computer architecture},
	pages={1--12},
	year={2017}
}

@article{amrouch2020npu,
	title={NPU Thermal Management},
	author={Amrouch, Hussam and Zervakis, Georgios and Salamin, Sami and Kattan, Hammam and Anagnostopoulos, Iraklis and Henkel, J{\"o}rg},
	journal={IEEE Transactions on Computer-Aided Design of Integrated Circuits and Systems},
	volume={39},
	number={11},
	pages={3842--3855},
	year={2020},
	publisher={IEEE}
}

@inproceedings{miao2012modeling,
	title={Modeling and synthesis of quality-energy optimal approximate adders},
	author={Miao, Jin and He, Ku and Gerstlauer, Andreas and Orshansky, Michael},
	booktitle={Proceedings of the International Conference on Computer-Aided Design},
	pages={728--735},
	year={2012}
}

@inproceedings{shafique2015low,
	title={A low latency generic accuracy configurable adder},
	author={Shafique, Muhammad and Ahmad, Waqas and Hafiz, Rehan and Henkel, J{\"o}rg},
	booktitle={2015 52nd ACM/EDAC/IEEE Design Automation Conference (DAC)},
	pages={1--6},
	year={2015},
	organization={IEEE}
}

@article{zervakis2019vader,
	title={VADER: Voltage-driven netlist pruning for cross-layer approximate arithmetic circuits},
	author={Zervakis, Georgios and Koliogeorgi, Konstantina and Anagnostos, Dimitrios and Zompakis, Nikolaos and Siozios, Kostas},
	journal={IEEE Transactions on Very Large Scale Integration (VLSI) Systems},
	volume={27},
	number={6},
	pages={1460--1464},
	year={2019},
	publisher={IEEE}
}

@article{saadat2018minimally,
	title={Minimally biased multipliers for approximate integer and floating-point multiplication},
	author={Saadat, Hassaan and Bokhari, Haseeb and Parameswaran, Sri},
	journal={IEEE Transactions on Computer-Aided Design of Integrated Circuits and Systems},
	volume={37},
	number={11},
	pages={2623--2635},
	year={2018},
	publisher={IEEE}
}

@article{sarwar2018energy,
	title={Energy-efficient neural computing with approximate multipliers},
	author={Sarwar, Syed Shakib and Venkataramani, Swagath and Ankit, Aayush and Raghunathan, Anand and Roy, Kaushik},
	journal={ACM Journal on Emerging Technologies in Computing Systems (JETC)},
	volume={14},
	number={2},
	pages={1--23},
	year={2018},
	publisher={ACM New York, NY, USA}
}

@article{tasoulas2020weight,
	title={Weight-oriented approximation for energy-efficient neural network inference accelerators},
	author={Tasoulas, Zois-Gerasimos and Zervakis, Georgios and Anagnostopoulos, Iraklis and Amrouch, Hussam and Henkel, J{\"o}rg},
	journal={IEEE Transactions on Circuits and Systems I: Regular Papers},
	volume={67},
	number={12},
	pages={4670--4683},
	year={2020},
	publisher={IEEE}
}

@article{zervakis2018multi,
	title={Multi-level approximate accelerator synthesis under voltage island constraints},
	author={Zervakis, Georgios and Xydis, Sotirios and Soudris, Dimitrios and Pekmestzi, Kiamal},
	journal={IEEE Transactions on Circuits and Systems II: Express Briefs},
	volume={66},
	number={4},
	pages={607--611},
	year={2018},
	publisher={IEEE}
}

@inproceedings{lee2017high,
	title={High-level synthesis of approximate hardware under joint precision and voltage scaling},
	author={Lee, Seogoo and John, Lizy K and Gerstlauer, Andreas},
	booktitle={Design, Automation \& Test in Europe Conference \& Exhibition (DATE), 2017},
	pages={187--192},
	year={2017},
	organization={IEEE}
}

@inproceedings{han2013approximate,
	title={Approximate computing: An emerging paradigm for energy-efficient design},
	author={Han, Jie and Orshansky, Michael},
	booktitle={2013 18th IEEE European Test Symposium (ETS)},
	pages={1--6},
	year={2013},
	organization={IEEE}
}

@inproceedings{zervakis2021approximate,
	title={Approximate Computing for ML: State-of-the-art, Challenges and Visions},
	author={Zervakis, Georgios and Saadat, Hassaan and Amrouch, Hussam and Gerstlauer, Andreas and Parameswaran, Sri and Henkel, J{\"o}rg},
	booktitle={Proceedings of the 26th Asia and South Pacific Design Automation Conference},
	pages={189--196},
	year={2021}
}

@inproceedings{carter2010design,
	title={Design techniques for cross-layer resilience},
	author={Carter, Nicholas P and Naeimi, Helia and Gardner, Donald S},
	booktitle={2010 Design, Automation \& Test in Europe Conference \& Exhibition (DATE 2010)},
	pages={1023--1028},
	year={2010},
	organization={IEEE}
}

@inproceedings{schorn2019efficient,
	title={An efficient bit-flip resilience optimization method for deep neural networks},
	author={Schorn, Christoph and Guntoro, Andre and Ascheid, Gerd},
	booktitle={2019 Design, Automation \& Test in Europe Conference \& Exhibition (DATE)},
	pages={1507--1512},
	year={2019},
	organization={IEEE}
}

@inproceedings{li2017understanding,
	title={Understanding error propagation in deep learning neural network (DNN) accelerators and applications},
	author={Li, Guanpeng and Hari, Siva Kumar Sastry and Sullivan, Michael and Tsai, Timothy and Pattabiraman, Karthik and Emer, Joel and Keckler, Stephen W},
	booktitle={Proceedings of the International Conference for High Performance Computing, Networking, Storage and Analysis},
	pages={1--12},
	year={2017}
}

@article{schmidhuber2015deep,

	title={Deep learning in neural networks: An overview},

	author={Schmidhuber, J{\"u}rgen},

	journal={Neural networks},

	volume={61},

	pages={85--117},

	year={2015},

	publisher={Elsevier}

}

@InProceedings{Taigman_2014_CVPR,

	author = {Taigman, Yaniv and Yang, Ming and Ranzato, Marc'Aurelio and Wolf, Lior},

	title = {DeepFace: Closing the Gap to Human-Level Performance in Face Verification},

	booktitle = {Proceedings of the IEEE Conference on Computer Vision and Pattern Recognition (CVPR)},

	month = {June},

	year = {2014}

}

@article{abderrahmane2020design,
	title={Design space exploration of hardware spiking neurons for embedded artificial intelligence},
	author={Abderrahmane, Nassim and Lemaire, Edgar and Miramond, Beno{\^\i}t},
	journal={Neural Networks},
	volume={121},
	pages={366--386},
	year={2020},
	publisher={Elsevier}
}

@ARTICLE{Spinnaker_Trans13,

	author={E. {Painkras} and L. A. {Plana} and J. {Garside} and S. {Temple} and F. {Galluppi} and C. {Patterson} and D. R. {Lester} and A. D. {Brown} and S. B. {Furber}},

	journal={IEEE Journal of Solid-State Circuits},

	title={SpiNNaker: A 1-W 18-Core System-on-Chip for Massively-Parallel Neural Network Simulation},

	year={2013},

	volume={48},

	number={8},

	pages={1943-1953},

	doi={10.1109/JSSC.2013.2259038},

	ISSN={1558-173X},

	month={Aug},}

@article{ernst2007efficient,

	title={Efficient computation based on stochastic spikes},

	author={Ernst, Udo and Rotermund, David and Pawelzik, Klaus},

	journal={Neural computation},

	volume={19},

	number={5},

	pages={1313--1343},

	year={2007},

	publisher={MITP},

}


@article{SNN_Survey_Trans19,

	author = {Bouvier, Maxence and Valentian, Alexandre and Mesquida, Thomas and Rummens, Francois and Reyboz, Marina and Vianello, Elisa and Beigne, Edith},

	title = {Spiking Neural Networks Hardware Implementations and Challenges: A Survey},

	year = {2019},

	issue_date = {June 2019},

	publisher = {Association for Computing Machinery},

	address = {New York, NY, USA},

	volume = {15},

	number = {2},

	issn = {1550-4832},

	url = {https://doi.org/10.1145/3304103},

	doi = {10.1145/3304103},

	journal = {J. Emerg. Technol. Comput. Syst.},

	month = apr,

	articleno = {Article 22},

	numpages = {35},

	keywords = {hardware implementation, Neuromorphic computing, spiking, spiking neural networks, neural network, neuromorphic computing, machine learning, event driven, hardware}

}

@article{izhikevich2004model,

	title={Which model to use for cortical spiking neurons?},

	author={Izhikevich, Eugene M},

	journal={IEEE transactions on neural networks},

	volume={15},

	number={5},

	pages={1063--1070},

	year={2004},

	publisher={Ieee}

}


@article{amunts2019human,

	title={The Human Brain Project -- Synergy between neuroscience, computing, informatics, and brain-inspired technologies},

	author={Amunts, Katrin and Knoll, Alois C and Lippert, Thomas and Pennartz, Cyriel MA and Ryvlin, Philippe and Destexhe, Alain and Jirsa, Viktor K and D’Angelo, Egidio and Bjaalie, Jan G},

	journal={PLoS biology},

	volume={17},

	number={7},

	pages={e3000344},

	year={2019},

	publisher={Public Library of Science}

}

@ARTICLE{rotermund2019Backpropagation,  

	AUTHOR={Rotermund, David and Pawelzik, Klaus R.},   	 

	TITLE={Back-Propagation Learning in Deep Spike-By-Spike Networks},      	

	JOURNAL={Frontiers in Computational Neuroscience},      	

	VOLUME={13},      

	PAGES={55},     

	YEAR={2019},      

	DOI={10.3389/fncom.2019.00055},      

	ISSN={1662-5188},   

	
}


@article{ernst2007efficient,

	title={Efficient computation based on stochastic spikes},

	author={Ernst, Udo and Rotermund, David and Pawelzik, Klaus},

	journal={Neural computation},

	volume={19},

	number={5},

	pages={1313--1343},

	year={2007},

	publisher={MITP},

}


@inproceedings {nevarez2020accelerator,

	title={Accelerator Framework of Spike-By-Spike Neural Networks for Inference and Incremental Learning in Embedded Systems},

	author={Nevarez, Yarib and Garcia-Ortiz, Alberto and Rotermund, David and Pawelzik, Klaus R},

	booktitle={2020 9th International Conference on Modern Circuits and Systems Technologies (MOCAST)},

	pages={1--5},

	year={2020},

	organization={IEEE}

}

@article {rotermund2018massively,

	author = {Rotermund, David and Pawelzik, Klaus R.},

	title = {Massively Parallel {FPGA} Hardware for Spike-By-Spike Networks},

	elocation-id = {500280},

	year = {2019},

	doi = {10.1101/500280},

	publisher = {Cold Spring Harbor Laboratory},

	journal = {bioRxiv},

}

@article{roy2019towards,

	title={Towards spike-based machine intelligence with neuromorphic computing},

	author={Roy, Kaushik and Jaiswal, Akhilesh and Panda, Priyadarshini},

	journal={Nature},

	volume={575},

	number={7784},

	pages={607--617},

	year={2019},

	publisher={Nature Publishing Group}

}

@article{bouvier2019spiking,

	title={Spiking neural networks hardware implementations and challenges: A survey},

	author={Bouvier, Maxence and Valentian, Alexandre and Mesquida, Thomas and Rummens, Fran{\c{c}}ois and Reyboz, Marina and Vianello, Elisa and Beigne, Edith},

	journal={ACM Journal on Emerging Technologies in Computing Systems (JETC)},

	volume={15},

	number={2},

	pages={1--35},

	year={2019},

	publisher={ACM New York, NY, USA}

}

@article{young2019review,

	title={A review of spiking neuromorphic hardware communication systems},

	author={Young, Aaron R and Dean, Mark E and Plank, James S and Rose, Garrett S},

	journal={IEEE Access},

	volume={7},

	pages={135606--135620},

	year={2019},

	publisher={IEEE}

}

@ARTICLE{TrueNorth_Trans15,

	author={F. {Akopyan} and J. {Sawada} and A. {Cassidy} and R. {Alvarez-Icaza} and J. {Arthur} and P. {Merolla} and N. {Imam} and Y. {Nakamura} and P. {Datta} and G. {Nam} and B. {Taba} and M. {Beakes} and B. {Brezzo} and J. B. {Kuang} and R. {Manohar} and W. P. {Risk} and B. {Jackson} and D. S. {Modha}},

	journal={IEEE Trans. on Computer-Aided Design of Integrated Circuits and Systems},

	title={TrueNorth: Design and Tool Flow of a 65 mW 1 Million Neuron Programmable Neurosynaptic Chip},

	year={2015},

	volume={34},

	number={10},

	pages={1537-1557},

	ISSN={1937-4151},

	month={Oct},}

@article{davies2018loihi,

	title={Loihi: A neuromorphic manycore processor with on-chip learning},

	author={Davies, Mike and Srinivasa, Narayan and Lin, Tsung-Han and Chinya, Gautham and Cao, Yongqiang and Choday, Sri Harsha and Dimou, Georgios and Joshi, Prasad and Imam, Nabil and Jain, Shweta and others},

	journal={IEEE Micro},

	volume={38},

	number={1},

	pages={82--99},

	year={2018},

	publisher={IEEE}

}

@article {rotermund2019recurrentsbs,

	author = {Rotermund, David and Pawelzik, Klaus R.},

	title = {Biologically plausible learning in a deep recurrent spiking network},

	elocation-id = {613471},

	year = {2019},

	doi = {10.1101/613471},

	publisher = {Cold Spring Harbor Laboratory},

	journal = {bioRxiv},

}


@article{zhang2018survey,

	title={A Survey of Neuromorphic Computing Based on Spiking Neural Networks},

	author={ZHANG, Ming and Zonghua, GU and Gang, PAN},

	journal={Chinese Journal of Electronics},

	volume={27},

	number={4},

	pages={667--674},

	year={2018},

	publisher={IET}

}

@article{lotrivc2012applicability,

	title={Applicability of approximate multipliers in hardware neural networks},

	author={Lotri{\v{c}}, Uro{\v{s}} and Buli{\'c}, Patricio},

	journal={Neurocomputing},

	volume={96},

	pages={57--65},

	year={2012},

	publisher={Elsevier}

}

@inproceedings{sarwar2016multiplier,

	title={Multiplier-less artificial neurons exploiting error resiliency for energy-efficient neural computing},

	author={Sarwar, Syed Shakib and Venkataramani, Swagath and Raghunathan, Anand and Roy, Kaushik},

	booktitle={2016 Design, Automation \& Test in Europe Conference \& Exhibition (DATE)},

	pages={145--150},

	year={2016},

	organization={IEEE}

}


@inproceedings{mrazek2016design,

	title={Design of power-efficient approximate multipliers for approximate artificial neural networks},

	author={Mrazek, Vojtech and Sarwar, Syed Shakib and Sekanina, Lukas and Vasicek, Zdenek and Roy, Kaushik},

	booktitle={Proceedings of the 35th International Conference on Computer-Aided Design},

	pages={1--7},

	year={2016}

}

@inproceedings{du2014leveraging,

	title={Leveraging the error resilience of machine-learning applications for designing highly energy efficient accelerators},

	author={Du, Zidong and Palem, Krishna and Lingamneni, Avinash and Temam, Olivier and Chen, Yunji and Wu, Chengyong},

	booktitle={2014 19th Asia and South Pacific design automation conference (ASP-DAC)},

	pages={201--206},

	year={2014},

	organization={IEEE}

}


@article{park2009dynamic,

	title={Dynamic bit-width adaptation in DCT: An approach to trade off image quality and computation energy},

	author={Park, Jongsun and Choi, Jung Hwan and Roy, Kaushik},

	journal={IEEE transactions on very large scale integration (VLSI) systems},

	volume={18},

	number={5},

	pages={787--793},

	year={2009},

	publisher={IEEE}

}

@inproceedings{gupta2011impact,

	title={IMPACT: imprecise adders for low-power approximate computing},

	author={Gupta, Vaibhav and Mohapatra, Debabrata and Park, Sang Phill and Raghunathan, Anand and Roy, Kaushik},

	booktitle={IEEE/ACM International Symposium on Low Power Electronics and Design},

	pages={409--414},

	year={2011},

	organization={IEEE}

}

@article{mittal2016survey,

	title={A survey of techniques for approximate computing},

	author={Mittal, Sparsh},

	journal={ACM Computing Surveys (CSUR)},

	volume={48},

	number={4},

	pages={1--33},

	year={2016},

	publisher={ACM New York, NY, USA}

}

@inproceedings{venkataramani2015approximate,

	title={Approximate computing and the quest for computing efficiency},

	author={Venkataramani, Swagath and Chakradhar, Srimat T and Roy, Kaushik and Raghunathan, Anand},

	booktitle={2015 52nd ACM/EDAC/IEEE Design Automation Conference (DAC)},

	pages={1--6},

	year={2015},

	organization={IEEE}

}

@article{lasi2014industry,
	title={Industry 4.0},
	author={Lasi, Heiner and Fettke, Peter and Kemper, Hans-Georg and Feld, Thomas and Hoffmann, Michael},
	journal={Business \& information systems engineering},
	volume={6},
	number={4},
	pages={239--242},
	year={2014},
	publisher={Springer}
}

@article{alcacer2019scanning,
	title={Scanning the industry 4.0: A literature review on technologies for manufacturing systems},
	author={Alc{\'a}cer, Vitor and Cruz-Machado, Virgilio},
	journal={Engineering science and technology, an international journal},
	volume={22},
	number={3},
	pages={899--919},
	year={2019},
	publisher={Elsevier}
}

@article{zhang2020empowering,
	title={Empowering Things with Intelligence: A Survey of the Progress, Challenges, and Opportunities in Artificial Intelligence of Things},
	author={Zhang, Jing and Tao, Dacheng},
	journal={IEEE Internet of Things Journal},
	year={2020},
	publisher={IEEE}
}

@article{espinoza2020estimating,
	title={Estimating the impact of the Internet of Things on productivity in Europe},
	author={Espinoza, H{\'e}ctor and Kling, Gerhard and McGroarty, Frank and O'Mahony, Mary and Ziouvelou, Xenia},
	journal={Heliyon},
	volume={6},
	number={5},
	pages={e03935},
	year={2020},
	publisher={Elsevier}
}

@inproceedings{venkataramani2016efficient,
	title={Efficient embedded learning for IoT devices},
	author={Venkataramani, Swagath and Roy, Kaushik and Raghunathan, Anand},
	booktitle={2016 21st Asia and South Pacific Design Automation Conference (ASP-DAC)},
	pages={308--311},
	year={2016},
	organization={IEEE}
}

@inproceedings{loh20201,
	title={1.2 Fertilizing AIoT from roots to leaves},
	author={Loh, Kou-Hung Lawrence},
	booktitle={2020 IEEE International Solid-State Circuits Conference-(ISSCC)},
	pages={15--21},
	year={2020},
	organization={IEEE}
}

@article{bochkovskiy2020yolov4,
	title={Yolov4: Optimal speed and accuracy of object detection},
	author={Bochkovskiy, Alexey and Wang, Chien-Yao and Liao, Hong-Yuan Mark},
	journal={arXiv preprint arXiv:2004.10934},
	year={2020}
}

@article{he2015spatial,
	title={Spatial pyramid pooling in deep convolutional networks for visual recognition},
	author={He, Kaiming and Zhang, Xiangyu and Ren, Shaoqing and Sun, Jian},
	journal={IEEE transactions on pattern analysis and machine intelligence},
	volume={37},
	number={9},
	pages={1904--1916},
	year={2015},
	publisher={IEEE}
}

@inproceedings{liu2016ssd,
	title={Ssd: Single shot multibox detector},
	author={Liu, Wei and Anguelov, Dragomir and Erhan, Dumitru and Szegedy, Christian and Reed, Scott and Fu, Cheng-Yang and Berg, Alexander C},
	booktitle={European conference on computer vision},
	pages={21--37},
	year={2016},
	organization={Springer}
}

@article{ren2016faster,
	title={Faster R-CNN: towards real-time object detection with region proposal networks},
	author={Ren, Shaoqing and He, Kaiming and Girshick, Ross and Sun, Jian},
	journal={IEEE transactions on pattern analysis and machine intelligence},
	volume={39},
	number={6},
	pages={1137--1149},
	year={2016},
	publisher={IEEE}
}

@article{ahmad2020challenges,
	title={Challenges of AI in wireless networks for IoT},
	author={Ahmad, Ijaz and Shahabuddin, Shahriar and Kumar, Tanesh and Harjula, Erkki and Meisel, Marcus and Juntti, Markku and Sauter, Thilo and Ylianttila, Mika},
	journal={arXiv preprint arXiv:2007.04705},
	year={2020}
}

@book{al2019artificial,
	title={Artificial intelligence in IoT},
	author={Al-Turjman, Fadi},
	year={2019},
	publisher={Springer}
}

@article{simonyan2014very,
	title={Very deep convolutional networks for large-scale image recognition},
	author={Simonyan, Karen and Zisserman, Andrew},
	journal={arXiv preprint arXiv:1409.1556},
	year={2014}
}

@inproceedings{deng2009imagenet,
	title={Imagenet: A large-scale hierarchical image database},
	author={Deng, Jia and Dong, Wei and Socher, Richard and Li, Li-Jia and Li, Kai and Fei-Fei, Li},
	booktitle={2009 IEEE conference on computer vision and pattern recognition},
	pages={248--255},
	year={2009},
	organization={Ieee}
}

@inproceedings{szegedy2017inception,
	title={Inception-v4, inception-resnet and the impact of residual connections on learning},
	author={Szegedy, Christian and Ioffe, Sergey and Vanhoucke, Vincent and Alemi, Alexander},
	booktitle={Proceedings of the AAAI Conference on Artificial Intelligence},
	volume={31},
	number={1},
	year={2017}
}

@inproceedings{courbariaux2015binaryconnect,
	title={Binaryconnect: Training deep neural networks with binary weights during propagations},
	author={Courbariaux, Matthieu and Bengio, Yoshua and David, Jean-Pierre},
	booktitle={Advances in neural information processing systems},
	pages={3123--3131},
	year={2015}
}%36

@article{han2015deep,
	title={Deep compression: Compressing deep neural networks with pruning, trained quantization and huffman coding},
	author={Han, Song and Mao, Huizi and Dally, William J},
	journal={arXiv preprint arXiv:1510.00149},
	year={2015}
}%61
@article{hubara2017quantized,
	title={Quantized neural networks: Training neural networks with low precision weights and activations},
	author={Hubara, Itay and Courbariaux, Matthieu and Soudry, Daniel and El-Yaniv, Ran and Bengio, Yoshua},
	journal={The Journal of Machine Learning Research},
	volume={18},
	number={1},
	pages={6869--6898},
	year={2017},
	publisher={JMLR. org}
}%67
@inproceedings{rastegari2016xnor,
	title={Xnor-net: Imagenet classification using binary convolutional neural networks},
	author={Rastegari, Mohammad and Ordonez, Vicente and Redmon, Joseph and Farhadi, Ali},
	booktitle={European conference on computer vision},
	pages={525--542},
	year={2016},
	organization={Springer}
}%149
%%% Pruning
@article{lecun1989optimal,
	title={Optimal brain damage},
	author={LeCun, Yann and Denker, John and Solla, Sara},
	journal={Advances in neural information processing systems},
	volume={2},
	pages={598--605},
	year={1989}
}

@article{hassibi1992second,
	title={Second order derivatives for network pruning: Optimal brain surgeon},
	author={Hassibi, Babak and Stork, David},
	journal={Advances in neural information processing systems},
	volume={5},
	pages={164--171},
	year={1992}
}

@article{molchanov2016pruning,
	title={Pruning convolutional neural networks for resource efficient inference},
	author={Molchanov, Pavlo and Tyree, Stephen and Karras, Tero and Aila, Timo and Kautz, Jan},
	journal={arXiv preprint arXiv:1611.06440},
	year={2016}
}

@article{li2016pruning,
	title={Pruning filters for efficient convnets},
	author={Li, Hao and Kadav, Asim and Durdanovic, Igor and Samet, Hanan and Graf, Hans Peter},
	journal={arXiv preprint arXiv:1608.08710},
	year={2016}
}

@article{liu2018rethinking,
	title={Rethinking the value of network pruning},
	author={Liu, Zhuang and Sun, Mingjie and Zhou, Tinghui and Huang, Gao and Darrell, Trevor},
	journal={arXiv preprint arXiv:1810.05270},
	year={2018}
}

@article{gillani2020exploiting,
	title={Exploiting error resilience for hardware efficiency: targeting iterative and accumulation based algorithms},
	author={Gillani, Syed Ghayoor Abbas},
	year={2020}
}